@article{alexeev2021quantum,
  title={Quantum computer systems for scientific discovery},
  author={Alexeev, Y. and others},
  journal={PRX Quantum},
  volume={2},
  number={1},
  pages={017001},
  year={2021}
}

@article{dunjko2023artificial,
  title={Artificial intelligence and machine learning for quantum technologies},
  author={Dunjko, V. and Briegel, H. J.},
  journal={Physical Review A},
  volume={107},
  number={1},
  pages={010101},
  year={2023}
}

@article{hornik1989multilayer,
  title={Multilayer feedforward networks are universal approximators},
  author={Hornik, K. and Stinchcombe, M. and White, H.},
  journal={Neural networks},
  volume={2},
  number={5},
  pages={359--366},
  year={1989}
}

@article{janiesch2021machine,
  title={Machine learning and deep learning},
  author={Janiesch, C. and Zschech, P. and Heinrich, K.},
  journal={Electronic Markets},
  volume={31},
  number={3},
  pages={685--695},
  year={2021}
}

@article{arulkumaran2017deep,
  title={Deep reinforcement learning: A brief survey},
  author={Arulkumaran, K. and Deisenroth, M. P. and Brundage, M. and Bharath, A. A.},
  journal={IEEE Signal Processing Magazine},
  volume={34},
  number={6},
  pages={26--38},
  year={2017}
}

@article{shakya2023reinforcement,
  title={Reinforcement learning algorithms: A brief survey},
  author={Shakya, A. K. and Pillai, G. and Chakrabarty, S.},
  journal={Expert Systems with Applications},
  volume={231},
  pages={120495},
  year={2023}
}

@article{bernardo2007generative,
  title={Generative or discriminative? getting the best of both worlds},
  author={Bernardo, J. and others},
  journal={Bayesian statistics},
  volume={8},
  number={3},
  pages={3--24},
  year={2007}
}

@inproceedings{vaswani2017attention,
  title={Attention is all you need},
  author={Vaswani, A. and others},
  booktitle={Advances in Neural Information Processing Systems},
  year={2017}
}

@article{ho2020denoising,
  title={Denoising diffusion probabilistic models},
  author={Ho, J. and Jain, A. and Abbeel, P.},
  journal={Advances in neural information processing systems},
  volume={33},
  pages={6840--6851},
  year={2020}
}

@article{bukov2018reinforcement,
  title={Reinforcement learning in different phases of quantum control},
  author={Bukov, M. and others},
  journal={Physical Review X},
  volume={8},
  number={3},
  pages={031086},
  year={2018}
}

@article{furrutter2024quantum,
  title={Quantum circuit synthesis with diffusion models},
  author={F{\"u}rrutter, F. and Mu{\~n}oz-Gil, G. and Briegel, H. J.},
  journal={Nature Machine Intelligence},
  volume={6},
  number={5},
  pages={515--524},
  year={2024}
}

@article{banchi2018modelling,
  title={Modelling non-Markovian quantum processes with recurrent neural networks},
  author={Banchi, L. and Grant, E. and Rocchetto, A. and Severini, S.},
  journal={New Journal of Physics},
  volume={20},
  number={12},
  pages={123030},
  year={2018}
}

@article{bluvstein2024logical,
  title={Logical quantum processor based on reconfigurable atom arrays},
  author={Bluvstein, D. and others},
  journal={Nature},
  volume={626},
  number={7997},
  pages={58--65},
  year={2024}
}

@article{ryan2021realization,
  title={Realization of real-time fault-tolerant quantum error correction},
  author={Ryan-Anderson, C. and others},
  journal={Physical Review X},
  volume={11},
  number={4},
  pages={041058},
  year={2021}
} 